@incollection{BellBurke:2008,
  author = {B.M. Bell and J.V. Burke},
  year={2008},
  title = {Algorithmic Differentiation of Implicit Functions and
           Optimal Values},
  booktitle = {Advances in Automatic Differentiation},
  editors={C. Bischof and H. Bucker and P. Hovland and U. Naumann and
           J. Utke},
  publisher={Springer-Verlag}
}

@article{Betancourt:2012,  
  title={A General Metric for {R}iemannian Manifold {H}amiltonian {M}onte {C}arlo},
  author={Michael Betancourt},  
  year={2012},
  Journal = {arXiv},
  Volume = {1212},
  Number = {4693},
  Version = {2},
  url = {http://arxiv.org/abs/1212.4693}
}

@article{Betancourt:2013,
  author={Michael Betancourt},  
  year={2013},
  title={Generalizing the No-{U}-Turn Sampler to {R}iemannian Manifolds},
  Journal = {arXiv},
  Volume = {1304},
  Number = {1920},
  Version = {1},
  url = {http://arxiv.org/abs/1304.1920}
}

@article{BetancourtGirolami:2013,
  author={Michael Betancourt and Mark Girolami},  
  year={2013},
  title={Hamiltonian Monte Carlo for Hierarchical Models},
  Journal = {arXiv},
  Volume = {1312},
  Number = {0906},
  Version = {1},
  url = {http://arxiv.org/abs/1312.0906}
}


@book{Boost:2011,
   author={Sch\"aling, Boris},
   year = {2011},
   title = {The {B}oost {C++} Libraries.},
   publisher = {XML Press},
   URL = {http://www.boost.org/}
}

@book{Chacon:2009,
  author={Scott Chacon},
  year = {2009},
  title = {Pro Git},
  publisher={Apress},
  location={New York},
  isbn={978-1-4302-1833-3}
}

@mastersthesis{Choo:2000,
  author = {K. Choo},
  year = {2000},
  title = {Learning Hyperparametes for Neural Network Models using
           {H}amiltonian Dynamics},
  school = {University of Toronto, Department of Computer Science}
}

@MISC{Doxygen:2011,
  author = {van~Heesch, Dimitri},
  howpublished = {{\\ \url{http://www.stack.nl/~dimitri/doxygen/index.html}}},
  title = {Doxygen: Generate Documentation from Source Code},
  year = {2011}
}

@misc{Driessen:2010,
  author={Vincent Driessen},
  year={2010},  
  month={January},
  title={A successful {G}it Branching Model},  
  URL={http://nvie.com/posts/a-successful-git-branching-model/}
}

@article{DuaneEtAl:1987,
  title={Hybrid {M}onte {C}arlo},
  author={Duane, AD and Kennedy, A. and Pendleton, B. and Roweth, D.},
  journal={Physics Letters {B}},
  volume={195},
  number={2},
  pages={216--222},
  year={1987},
  publisher={Elsevier}
}



@article{LEcuyer:1988,
  author= {Pierre L'Ecuyer}, 
  year = {1988},
  title = {Efficient and Portable Combined Random Number Generators},
  journal={Communications of the ACM}, 
  volume={31},
  pages={742--749, 774}
}

@book{Efron:2010,
  author = {Bradley Efron},
  year = {2010},
  title = { Large-Scale Inference: Empirical Bayes Methods for
            Estimation, Testing, and Prediction },
  series = { Institute of Mathematical Statistics Monographs },
  publisher = { Cambridge University Press }  
}

@MISC{Eigen:2012,
 author = {Ga\"{e}l Guennebaud and Beno\^{i}t Jacob},
 title = {Eigen {C}++ Library, Version 3.1},  
 howpublished = {{\\ \url{http://eigen.tuxfamily.org/}}},
 year = {2012}
}

@incollection{Gay:2005,
        Author = {David Gay},
        Year = {2005},
        BookTitle = {Automatic Differentiation: Applications, Theory, and Implementations},
        Editor = {H.~Martin B\"ucker and George F. Corliss and Pual Hovland and Uwe Naumann and Boyana Norris}, 
        Title = {Semiautomatic Differentiation for Efficient Gradient Computations},
        Series = {Lecture Notes in Computational Science and Engineering},
        Volume = {50},
        Publisher = {Springer},
        Address = {New York}
}

@article{GelmanRubin:1992,
	Author = {Gelman, Andrew and Rubin, Donald B.},
	Year = {1992},
	Title = {Inference from Iterative Simulation Using Multiple Sequences},
	Journal = {Statistical Science},
	Pages = {457--472},
	Volume = {7},
	Number = {4},
	Issn = {0883-4237}
}

@book{GelmanHill:2007,
	Address = {Cambridge, United Kingdom},
	Author = {Andrew Gelman and Jennifer Hill},
	Publisher = {Cambridge University Press},
	Title = {Data Analysis Using Regression and Multilevel-Hierarchical Models},
	Year = {2007}}

@article{GelmanEtAl:2012,
  journal = {Journal of Research on Educational Effectiveness}, 
  volume = {5},
  pages = {189--211},
  year = {2012},
  title = {Why We (Usually) Don't Have to Worry about Multiple Comparisons},
  author = { Andrew Gelman and Jennifer Hill and  Masanao Yajima }
}

@book{GelmanEtAl:2013,
	Address = {London},
	Author = {Andrew Gelman 
                  and J.~B.~Carlin 
                  and Hal S.~Stern 
                  and David B.~Dunson 
                  and Aki Vehtari
                  and Donald B.~Rubin},
	Edition = {Third},
	Publisher = {CRC/Chapman-Hall},
	Title = {Bayesian Data Analysis},
	Year = {2013}}

@incollection{Geyer:2011, 
  author = {Charles J. Geyer},  
  year = {2011},  
  title = {Introduction to {M}arkov Chain {M}onte {C}arlo},
  booktitle = {Handbook of {M}arkov Chain {M}onte {C}arlo},
  editors = {Steve Brooks  
             and Andrew Gelman 
             and Galin Jones
             and Xiao-Li Meng},
  publisher = {Chapman \& Hall/CRC},
  location = {Boca Raton, Florida}
}

@techreport{Giles:2008,
  Author = {M. B. Giles},
  Year = {2008},
  Title = {An Extended Collection of Matrix Derivative Results for
           Forward and Reverse Mode Algorithmic Differentiation},
  Number={NA-08/01},
  Institution={Oxford University Computing Laboratory}
}

@article{GirolamiCalderhead:2011,
  title={Riemann Manifold {L}angevin and {H}amiltonian {M}onte {C}arlo Methods},
  author={Girolami, Mark and Calderhead, Ben},
  journal={Journal of the Royal Statistical Society: Series B (Statistical Methodology)},
  volume={73},
  number={2},
  pages={123--214},
  year={2011}
}

@article{GoodmanWeare:2010,
  author = {Jonathan Goodman and Jonathan Weare},
  year = {2010},
  title = {Ensemble Samplers with Affine Invariance},
  journal = {Communications in Applied Mathematics and Computational
             Science}, 
  volume = {5},
  number = {1},
  pages = {65--80}
}

@book{MittelbachEtAl:2004,
  author = {Frank Mittelbach and Michel Goossens and Johannes Braams
            and David Carlisle and Chris Rowley},
  year = {2004},
  title = {The LaTeX Companion},
  edition = {2nd},
  series = {Tools and Techniques for Computer Typesetting},
  publisher = {Addison-Wesley}
}



@article{TerBraak:2006,
  author = { Cajo J. F. {Ter Braak} },
  year = {2006},
  title = {A {M}arkov Chain {M}onte {C}arlo Version of the Genetic 
           Algorithm Differential Evolution: Easy {B}ayesian Computing 
           for Real Parameter Spaces},
  journal = {Statistical Computing},
  volume = {16},
  pages = {239--249}
}


@MISC{GoogleTest:2011,
  author = {Google},
  howpublished = {{\\ \url{http://code.google.com/p/googletest/}}},
  year = {2011},
  title = {Google {T}est: {G}oogle {C}++ Testing Framework}
}

@book{Griewank:2008,
  title={Evaluating Derivatives: Principles and Techniques of  
         Algorithmic Differentiation},
  author={Griewank, A. and Walther, A.},
  year={2008},
  publisher={Society for Industrial and Applied Mathematics (SIAM)}
}

@article{HoffmanGelman:2011,
    Author = {Matthew D. Hoffman and Andrew Gelman},
    Title = {The No-{U}-Turn Sampler: Adaptively Setting Path 
             Lengths in {H}amiltonian {M}onte {C}arlo},
    Journal = {arXiv},
    Volume = {1111},
    Number = {4246},
    Version = {1},
    url = {http://arxiv.org/abs/1111.4246},
    Year = {2011}
}

@inproceedings{Plummer:2003,
	Author = {Martyn Plummer},
	Year = {2003},
	Booktitle = {Proceedings of the 3rd International Workshop 
	             on Distributed Statistical Computing},
	Title = {{JAGS}: A Program for Analysis of {B}ayesian
                 Graphical Models Using {G}Ibbs Sampling},
	Url = {www-fis.iarc.fr/$\sim$martyn/software/jags/},
	Address = {Vienna, Austria},
}

@book{LunnEtAl:2012,
  author ={David Lunn and Christopher Jackson and Nicky Best and
           Andrew Thomas and David Spiegelhalter}, 
  year={2012},
  title = {The {BUGS} Book---A Practical Introduction to Bayesian
           Analysis},
  publisher = {CRC Press / Chapman and Hall}
}

@article{LunnEtAl:2000,
	Address = {Cambridge, England},
	Author = {Lunn, D.J. and Thomas, A. Best, N. and Spiegelhalter, D.},
	Journal = {Statistics and Computing},
	Organization = {MRC Biostatistics Unit},
	Pages = {325--337},
	Title = {{WinBUGS}---A {B}ayesian Modelling Framework: Concepts, Structure, and Extensibility},
	Url = {www.mrc-bsu.cam.ac.uk/bugs/},
	Volume = {10},
	Year = {2000},
	Bdsk-Url-1 = {www.mrc-bsu.cam.ac.uk/bugs/}}

@article{LunnEtAl:2009,
	Author = {D. Lunn and D.~Spiegelhalter and A.~Thomas and N.~Best}, 
	Journal = {Statistics in Medicine},
	Pages = {3049-3067},
	Title = {The {BUGS} project: Evolution, Critique, and Future Directions},
	Url = {http://www.openbugs.info/w/},
	Volume = {28},
	Year = {2009},
	Bdsk-Url-1 = {http://www.openbugs.info/w/}}

@article{MetropolisEtAl:1953,
	Author = {Metropolis, N. and Rosenbluth, A. W. and Rosenbluth, M. N. and Teller, A.H. and Teller, E.},
	Journal = {Journal of Chemical Physics},
	Pages = {1087--1092},
	Title = {Equation of State Calculations by Fast Computing Machines},
	Volume = {21},
	Year = {1953}
}

@article{Neal:1994,
   Author = {Neal, Radford M.},
   Year = {1994},
   Title = {An Improved Acceptance Procedure for the Hybrid {M}onte {C}arlo Algorithm},
   Journal = {Journal of Computational Physics},
   Volume = {111},
   Pages = {194--203}
}

@article{Neal:2003,
    Author = {Neal, Radford M.},
    Year = {2003},
    Title = {Slice Sampling},
    Journal = {Annals of Statistics},
    Volume = {31},
    Number = {3},
    Pages = {705--767} 
}

@incollection{Neal:2011,
  Author = {Neal, Radford},
  Year = {2011},
  Title = {{MCMC} Using {H}amiltonian Dynamics},
  Booktitle = {Handbook of {M}arkov Chain {M}onte {C}arlo},
  Editor = {Brooks, Steve and Gelman, Andrew and Jones, Galin L. and Meng, Xiao-Li},
  Publisher = {Chapman and Hall/CRC},
  Pages = {116--162}
}

@article{Nesterov:1983,
  title={A Method Of Solving A Convex Programming Problem with Convergence Rate $O(1/K^2)$},
  author={Nesterov, Yurii},
  journal={Soviet Mathematics Doklady},
  volume={27},
  number={2},
  pages={372--376},
  year={1983}
}

@article{Nesterov:2009,
 title={Primal-Dual Subgradient Methods for Convex Problems},
 author={Nesterov, Y.},
 journal={Mathematical Programming},
 volume={120},
 number={1},
 pages={221--259},
 year={2009},
 publisher={Springer}
}

@book{NocedalWright:2006,
  author={Jorge Nocedal and Stephen J. Wright},
  year = {2006}, 
  title = {Numerical Optimization},
  edition = {Second},
  loation = {Berlin},
  publisher = {Springer-Verlag},
  isbn = {978-0-387-30303-1}
}

@ARTICLE{PlummerEtAl:2006,
 AUTHOR = {Martyn Plummer and Nicky Best and Kate Cowles and Karen Vines},
 TITLE = {{CODA}: Convergence Diagnosis and Output Analysis for {MCMC}},
 JOURNAL = {R News},
 YEAR = 2006,
 VOLUME = 6,
 NUMBER = 1,
 PAGES = {7--11},
 MONTH = {March},
 URL = {http://CRAN.R-project.org/doc/Rnews/},
 PDF = {http://CRAN.R-project.org/doc/Rnews/Rnews_2006-1.pdf}
}

@Manual{Stan:2013,
  Title = {Stan Modeling Language Users Guide and Reference Manual},
  Year = {2014},
  Author = {{Stan Development Team}},  
  Note = {version 2.1.0},
  URL = {http://mc-stan.org/manual.html}
}
  
@Manual{R:2013,
  Title = {R: A Language and Environment for Statistical
                  Computing},
  Author = {{R Core Team}},
  Organization = {R Foundation for Statistical Computing},
  Address = {Vienna, Austria},
  Year = 2014,
  URL = {http://www.R-project.org}
}

@book{Smart:2011,
  author={John Ferguson Smart},
  year={2011},
  title={Jenkins: The Definitive Guide},
  publisher={O'Reilly Media}
}

@book{VandevoordeJosuttis:2002,
  author = {David Vandevoorde and Nicholai M. Josuttis},
  year = {2002},
  title = {C++ Templates: The Complete Guide},
  publisher = {Addision-Wesley},
  isbn = {978-0201734843}
}

@article{WainwrightJordan:2008,
   Author = {Wainwright, M.~J. and Jordan, M.~I.},
   Title = {Graphical Models, Exponential Families, and Variational Inference},
   Volume = {1},
   Pages = {1--305},   
   Year = {2008},
   Journal = {Foundations and Trends in Machine Learning}
}
